@inproceedings{BITMPC,
  author    = {Shai Halevi and
               Yuval Ishai and
               Eyal Kushilevitz and
               Tal Rabin},
  title     = {Best Possible Information-Theoretic {MPC}},
  booktitle = {Theory of Cryptography - 16th International Conference, {TCC} 2018,
               Panaji, India, November 11-14, 2018, Proceedings, Part {II}},
  pages     = {255--281},
  year      = {2018}
}

@inproceedings{NIMPC,
  author    = {Amos Beimel and
               Ariel Gabizon and
               Yuval Ishai and
               Eyal Kushilevitz and
               Sigurd Meldgaard and
               Anat Paskin{-}Cherniavsky},
  title     = {Non-Interactive Secure Multiparty Computation},
  booktitle = {Advances in Cryptology - {CRYPTO} 2014 - 34th Annual Cryptology Conference,
               Santa Barbara, CA, USA, August 17-21, 2014, Proceedings, Part {II}},
  pages     = {387--404},
  year      = {2014}
}

@inproceedings{Cramer98,
  author    = {Ronald Cramer},
  title     = {Introduction to Secure Computation},
  booktitle = {Lectures on Data Security, Modern Cryptology in Theory and Practice,
               Summer School, Aarhus, Denmark, July 1998},
  pages     = {16--62},
  year      = {1998}
}
